
%% Books

@book{Handke1,
	author = {Peter Handke},
 	title = {{Buch}},
	publisher = {Springer Berlin-Heidelberg-New York},
     year    = {2006},
	series = {5th edition},
}

@article{All,
	author 	= {Allaire, Gr{\'e}goire},
	institution = {{Society for Industrial and Applied Mathematics}},
	title 	= {{Homogenization and Two-scale Convergence}},
	year 	= {1992},
	journal = {Journal on Mathematical Analalysis},
	publisher = {SIAM},
	volume = {23, Nr. 6},
	pages = {1482 - 1518}
}
@INCOLLECTION{All08,
  author = {Allaire, Gr{\'e}goire},
  title = {Periodic Homogenization and Effective Mass Theorems for the {S}chr\"odinger Equation},
  booktitle = {Quantum transport},
  publisher = {Springer Berlin-Heidelberg-New York},
  year = {2008},
  volume = {1946},
  series = {Lecture Notes in Mathematics},
  pages = {1 - 44},
}
