@article{SQN,
  title={A stochastic quasi-Newton method for large-scale optimization},
  author={Byrd, Richard H and Hansen, SL and Nocedal, Jorge and Singer, Yoram},
  journal={arXiv preprint arXiv:1401.7020},
  year={2014}
}

@inproceedings{becker2012quasi,
  title={A quasi-Newton proximal splitting method},
  author={Becker, Stephen and Fadili, Jalal},
  booktitle={Advances in Neural Information Processing Systems},
  pages={2618--2626},
  year={2012}
}