@article{SQN,
  title={A stochastic quasi-Newton method for large-scale optimization},
  author={Byrd, Richard H and Hansen, SL and Nocedal, Jorge and Singer, Yoram},
  journal={arXiv.org Preprint: arXiv:1401.7020},
  year={2014}
}

@inproceedings{becker2012quasi,
  title={A quasi-Newton proximal splitting method},
  author={Becker, Stephen and Fadili, Jalal},
  booktitle={Advances in Neural Information Processing Systems},
  pages={2618--2626},
  year={2012}
}

@article{mairal2010online,
title={Online learning for matrix factorization and sparse coding},
author={Mairal, Julien and Bach, Francis and Ponce, Jean and Sapiro, Guillermo},
journal={The Journal of Machine Learning Research},
volume={11},
pages={19--60},
year={2010},
publisher={JMLR. org}
}

@article{parikh2013proximal,
title={Proximal algorithms},
author={Parikh, Neal and Boyd, Stephen},
journal={Foundations and Trends in optimization},
volume={1},
number={3},
pages={123--231},
year={2013}
}